<record><leader>00000cas a22000007a 4500</leader><controlfield tag="001">13454346</controlfield><controlfield tag="008">860418d18821886nmuwr ne      0    0eng d</controlfield><datafield ind1=" " ind2=" " tag="010"><subfield code="a">sn 86063829 </subfield></datafield><datafield ind1=" " ind2=" " tag="040"><subfield code="a">KSH</subfield><subfield code="b">eng</subfield><subfield code="c">KSH</subfield><subfield code="d">NPT</subfield><subfield code="d">UNP</subfield><subfield code="d">NVM</subfield><subfield code="d">OCLCQ</subfield><subfield code="d">OCLCF</subfield><subfield code="d">OCLCO</subfield></datafield><datafield ind1="1" ind2=" " tag="029"><subfield code="a">AU@</subfield><subfield code="b">000025816362</subfield></datafield><datafield ind1=" " ind2=" " tag="042"><subfield code="a">msc</subfield></datafield><datafield ind1=" " ind2=" " tag="043"><subfield code="a">n-us-nm</subfield></datafield><datafield ind1=" " ind2="4" tag="050"><subfield code="a">AN2.N6</subfield><subfield code="b">A42</subfield></datafield><datafield ind1="0" ind2=" " tag="130"><subfield code="a">Albuquerque weekly journal (Albuquerque, N.M. : 1882)</subfield></datafield><datafield ind1="1" ind2="0" tag="245"><subfield code="a">Albuquerque weekly journal.</subfield></datafield><datafield ind1="1" ind2="7" tag="246"><subfield code="a">Weekly journal</subfield><subfield code="f">1882-Apr. 13, 1885</subfield></datafield><datafield ind1="1" ind2="7" tag="246"><subfield code="a">Journal</subfield><subfield code="f">Apr. 19, 1885-1886</subfield></datafield><datafield ind1="3" ind2="0" tag="246"><subfield code="a">Sunday Albuquerque journal</subfield></datafield><datafield ind1="3" ind2="0" tag="246"><subfield code="a">Albuquerque Sunday journal</subfield></datafield><datafield ind1="3" ind2="0" tag="246"><subfield code="a">Albuquerque journal</subfield></datafield><datafield ind1="3" ind2="0" tag="246"><subfield code="a">Albuquerque morning journal</subfield></datafield><datafield ind1=" " ind2=" " tag="260"><subfield code="a">New Albuquerque [i.e. Albuquerque], N.M. :</subfield><subfield code="b">Hayden &amp; Messinger</subfield></datafield><datafield ind1=" " ind2=" " tag="300"><subfield code="a">v.</subfield></datafield><datafield ind1=" " ind2=" " tag="310"><subfield code="a">Weekly</subfield></datafield><datafield ind1="0" ind2=" " tag="362"><subfield code="a">Vol. 2, no. 11 (Feb. 2, 1882)-v. 7, no. 29 (July 12, 1886).</subfield></datafield><datafield ind1=" " ind2=" " tag="500"><subfield code="a">Title varies.</subfield></datafield><datafield ind1=" " ind2=" " tag="515"><subfield code="a">Numbering is irregular.</subfield></datafield><datafield ind1=" " ind2=" " tag="580"><subfield code="a">Daily eds. also issued: Albuquerque morning journal (Albuquerque, N.M. : 1882), 1882-1884, and: Morning journal (Albuquerque, N.M.), 1884-1886.</subfield></datafield><datafield ind1=" " ind2="0" tag="651"><subfield code="a">Albuquerque (N.M.)</subfield><subfield code="v">Newspapers.</subfield></datafield><datafield ind1=" " ind2="0" tag="651"><subfield code="a">Bernalillo County (N.M.)</subfield><subfield code="v">Newspapers.</subfield></datafield><datafield ind1=" " ind2="7" tag="655"><subfield code="a">Newspapers.</subfield><subfield code="2">fast</subfield><subfield code="0">(OCoLC)fst01423814</subfield></datafield><datafield ind1=" " ind2="7" tag="651"><subfield code="a">New Mexico</subfield><subfield code="z">Albuquerque.</subfield><subfield code="2">fast</subfield><subfield code="0">(OCoLC)fst01205799</subfield></datafield><datafield ind1=" " ind2="7" tag="651"><subfield code="a">New Mexico</subfield><subfield code="z">Bernalillo County.</subfield><subfield code="2">fast</subfield><subfield code="0">(OCoLC)fst01218455</subfield></datafield><datafield ind1=" " ind2=" " tag="752"><subfield code="a">United States</subfield><subfield code="b">New Mexico</subfield><subfield code="c">Bernalillo</subfield><subfield code="d">Albuquerque.</subfield></datafield><datafield ind1="1" ind2=" " tag="775"><subfield code="t">Albuquerque morning journal (Albuquerque, N.M. : 1882)</subfield><subfield code="w">(DLC)sn 86063567</subfield></datafield><datafield ind1="1" ind2=" " tag="775"><subfield code="t">Morning journal (Albuquerque, N.M.)</subfield><subfield code="w">(DLC)sn 84020617</subfield></datafield><datafield ind1="0" ind2="0" tag="780"><subfield code="t">Albuquerque journal (Albuquerque, N.M. : 1882)</subfield><subfield code="w">(DLC)sn 86063830</subfield></datafield><datafield ind1="0" ind2="0" tag="785"><subfield code="t">Albuquerque opinion</subfield><subfield code="w">(DLC)sn 86063820</subfield></datafield></record>